<?xml version="1.0" encoding="UTF-8"?><collection xmlns="http://www.loc.gov/MARC21/slim"><record><leader>00486nam--2200169-i-4500</leader><controlfield tag="001">000009242</controlfield><controlfield tag="002">20161230</controlfield><controlfield tag="005">20170115220700</controlfield><controlfield tag="008">060222s1000------------r-----000-0-eng-d</controlfield><datafield ind1=" " ind2=" " tag="080"><subfield code="a">681.3.O6</subfield></datafield><datafield ind1=" " ind2=" " tag="100"><subfield code="a">Cadete, Maria Odete Rodriques</subfield></datafield><datafield ind1=" " ind2=" " tag="245"><subfield code="a">Computation of minimax polynominal approximations</subfield></datafield><datafield ind1=" " ind2=" " tag="260"><subfield code="a">Lisabona</subfield><subfield code="b">Centro De Calculo Cientifico</subfield><subfield code="c">1979</subfield></datafield><datafield ind1=" " ind2=" " tag="300"><subfield code="a">89 p</subfield></datafield><datafield ind1=" " ind2=" " tag="490"><subfield code="a">Estudos De Programacao E Analise Numerica</subfield></datafield><datafield ind1=" " ind2=" " tag="852"><subfield code="a">30929</subfield></datafield><datafield ind1=" " ind2=" " tag="CAT"><subfield code="a">SYS</subfield><subfield code="c">20170115</subfield><subfield code="h">220700</subfield></datafield></record></collection>